<?xml version="1.0" encoding="UTF-8"?><collection xmlns="http://www.loc.gov/MARC21/slim"><record><leader>00533nam--2200181-i-4500</leader><controlfield tag="001">000000032</controlfield><controlfield tag="002">20161230</controlfield><controlfield tag="005">20161230201023</controlfield><controlfield tag="008">060222s1000------------r-----000-0-eng-d</controlfield><datafield ind1=" " ind2=" " tag="040"><subfield code="a">IFIN-HH</subfield></datafield><datafield ind1=" " ind2=" " tag="080"><subfield code="a">519.2</subfield></datafield><datafield ind1="1" ind2=" " tag="100"><subfield code="a">Frieden, B.Roy</subfield></datafield><datafield ind1="1" ind2="0" tag="245"><subfield code="a">Probability, statistical optics and data testing</subfield><subfield code="b">A problem solving approach</subfield><subfield code="c">B.R. Frieden</subfield></datafield><datafield ind1=" " ind2=" " tag="260"><subfield code="a">New York, Springer-verlag, 1983</subfield></datafield><datafield ind1=" " ind2=" " tag="300"><subfield code="a">XVII + 404 P</subfield></datafield><datafield ind1=" " ind2=" " tag="490"><subfield code="a">Springer Series In Information Sciences</subfield></datafield><datafield ind1=" " ind2=" " tag="852"><subfield code="a">72670</subfield><subfield code="c">519.2</subfield></datafield><datafield ind1=" " ind2=" " tag="CAT"><subfield code="a">Sys</subfield><subfield code="c">20100611</subfield><subfield code="h">091331</subfield></datafield></record></collection>